<record><leader>00000cas a22000007a 4500</leader><controlfield tag="001">17893187</controlfield><controlfield tag="008">880504d19471948nyuwr ne      0    0eng d</controlfield><datafield ind1=" " ind2=" " tag="010"><subfield code="a">sn 88074215 </subfield></datafield><datafield ind1=" " ind2=" " tag="040"><subfield code="a">NYS</subfield><subfield code="b">eng</subfield><subfield code="c">NYS</subfield><subfield code="d">OCLCQ</subfield></datafield><datafield ind1=" " ind2=" " tag="042"><subfield code="a">msc</subfield></datafield><datafield ind1="0" ind2=" " tag="130"><subfield code="a">Rochester star (Rochester, N.Y. : 1947)</subfield></datafield><datafield ind1="1" ind2="4" tag="245"><subfield code="a">The Rochester star.</subfield></datafield><datafield ind1=" " ind2=" " tag="260"><subfield code="a">Rochester, N.Y. :</subfield><subfield code="b">North Star Pub.,</subfield><subfield code="c">1947-</subfield></datafield><datafield ind1=" " ind2=" " tag="300"><subfield code="a">v.</subfield></datafield><datafield ind1=" " ind2=" " tag="310"><subfield code="a">Weekly</subfield></datafield><datafield ind1="0" ind2=" " tag="362"><subfield code="a">Vol. 1, no. 1 (Oct. 3, 1947)-</subfield></datafield><datafield ind1="1" ind2=" " tag="362"><subfield code="a">Ceased in 1948.</subfield></datafield><datafield ind1=" " ind2="4" tag="651"><subfield code="a">Rochester (N.Y.)</subfield><subfield code="v">Newspapers.</subfield></datafield><datafield ind1=" " ind2=" " tag="752"><subfield code="a">United States</subfield><subfield code="b">New York</subfield><subfield code="c">Monroe</subfield><subfield code="d">Rochester.</subfield></datafield><datafield ind1="0" ind2="7" tag="785"><subfield code="t">Buffalo star</subfield><subfield code="w">(DLC)sn 93063823</subfield></datafield><datafield ind1="0" ind2="7" tag="785"><subfield code="t">Empire star</subfield><subfield code="w">(DLC)sn 88074352</subfield><subfield code="w">(OCoLC)17893062</subfield></datafield><datafield ind1="1" ind2=" " tag="029"><subfield code="a">AU@</subfield><subfield code="b">000020508282</subfield></datafield></record>